<record><leader>00000cas a22000007a 4500</leader><controlfield tag="001">11838779</controlfield><controlfield tag="008">850322d18531886ohuwr ne      0   a0eng d</controlfield><datafield ind1=" " ind2=" " tag="010"><subfield code="a">sn 85038158 </subfield></datafield><datafield ind1=" " ind2=" " tag="040"><subfield code="a">NPY</subfield><subfield code="b">eng</subfield><subfield code="c">NPY</subfield><subfield code="d">NPX</subfield><subfield code="d">DLC</subfield><subfield code="d">NPU</subfield><subfield code="d">ONP</subfield><subfield code="d">OCL</subfield><subfield code="d">ONP</subfield><subfield code="d">OCL</subfield><subfield code="d">KRTAS</subfield><subfield code="d">DLC</subfield><subfield code="d">OCLCF</subfield><subfield code="d">DLC</subfield></datafield><datafield ind1="0" ind2=" " tag="022"><subfield code="a">2333-0163</subfield><subfield code="2">1</subfield></datafield><datafield ind1=" " ind2=" " tag="042"><subfield code="a">msc</subfield><subfield code="a">nsdp</subfield></datafield><datafield ind1=" " ind2=" " tag="043"><subfield code="a">n-us-oh</subfield></datafield><datafield ind1="0" ind2="0" tag="050"><subfield code="a">Newspaper</subfield></datafield><datafield ind1="0" ind2="0" tag="082"><subfield code="a">071</subfield><subfield code="2">23</subfield></datafield><datafield ind1="0" ind2=" " tag="130"><subfield code="a">Highland weekly news (Hillsboro, Ohio : 1853)</subfield></datafield><datafield ind1=" " ind2="4" tag="222"><subfield code="a">The Highland weekly news</subfield><subfield code="b">(Hillsboro, Ohio. 1853. Print)</subfield></datafield><datafield ind1="1" ind2="4" tag="245"><subfield code="a">The Highland weekly news.</subfield></datafield><datafield ind1=" " ind2=" " tag="260"><subfield code="a">Hillsborough [Hillsboro], Highland County, Ohio :</subfield><subfield code="b">Joseph L. Boardman,</subfield><subfield code="c">1853-1886.</subfield></datafield><datafield ind1=" " ind2=" " tag="300"><subfield code="a">v.</subfield></datafield><datafield ind1=" " ind2=" " tag="310"><subfield code="a">Weekly</subfield></datafield><datafield ind1="0" ind2=" " tag="362"><subfield code="a">Vol. 16, no. 41 (Feb. 18, 1853)-v. 49, no. 53 (Mar. 31, 1886) =    -whole no. 2601.</subfield></datafield><datafield ind1=" " ind2=" " tag="500"><subfield code="a">"Whig, 1853-1854; Republican, 1855-1886."</subfield></datafield><datafield ind1=" " ind2=" " tag="530"><subfield code="a">Archived issues are available in digital format as part of the Library of Congress Chronicling America online collection.</subfield></datafield><datafield ind1=" " ind2="0" tag="651"><subfield code="a">Hillsboro (Ohio)</subfield><subfield code="v">Newspapers.</subfield></datafield><datafield ind1=" " ind2="0" tag="651"><subfield code="a">Highland County (Ohio)</subfield><subfield code="v">Newspapers.</subfield></datafield><datafield ind1=" " ind2="7" tag="651"><subfield code="a">Ohio</subfield><subfield code="z">Highland County.</subfield><subfield code="2">fast</subfield><subfield code="0">(OCoLC)fst01215687</subfield></datafield><datafield ind1=" " ind2="7" tag="651"><subfield code="a">Ohio</subfield><subfield code="z">Hillsboro.</subfield><subfield code="2">fast</subfield><subfield code="0">(OCoLC)fst01232642</subfield></datafield><datafield ind1=" " ind2="7" tag="655"><subfield code="a">Newspapers.</subfield><subfield code="2">fast</subfield><subfield code="0">(OCoLC)fst01423814</subfield></datafield><datafield ind1=" " ind2=" " tag="752"><subfield code="a">United States</subfield><subfield code="b">Ohio</subfield><subfield code="c">Highland</subfield><subfield code="d">Hillsborough.</subfield></datafield><datafield ind1=" " ind2=" " tag="752"><subfield code="a">United States</subfield><subfield code="b">Ohio</subfield><subfield code="c">Highland</subfield><subfield code="d">Hillsboro.</subfield></datafield><datafield ind1="0" ind2="8" tag="776"><subfield code="i">Online version:</subfield><subfield code="t">Highland weekly news (Hillsboro, Ohio : 1853 : Online)</subfield><subfield code="x">2333-0171</subfield><subfield code="w">(DLC)  2013271956</subfield><subfield code="w">(OCoLC)869745018</subfield></datafield><datafield ind1="0" ind2="0" tag="780"><subfield code="t">Weekly Highland news</subfield><subfield code="w">(DLC)sn 85038157</subfield><subfield code="w">(OCoLC)11838754</subfield></datafield><datafield ind1="0" ind2="7" tag="785"><subfield code="t">Saturday herald (Hillsboro, Ohio)</subfield><subfield code="w">(DLC)sn 85038160</subfield><subfield code="w">(OCoLC)11838839</subfield></datafield><datafield ind1="0" ind2="7" tag="785"><subfield code="t">News-Herald (Hillsboro, Ohio)</subfield><subfield code="x">2159-3787</subfield><subfield code="w">(DLC)sn 85038161</subfield><subfield code="w">(OCoLC)11839477</subfield></datafield><datafield ind1="4" ind2="1" tag="856"><subfield code="u">http://www.loc.gov/chroniclingamerica/lccn/sn85038158/issues</subfield></datafield><datafield ind1=" " ind2=" " tag="938"><subfield code="a">Kirtas Technologies, Inc.</subfield><subfield code="b">KRTS</subfield><subfield code="n">739088</subfield></datafield></record>